@article{vonderPahlen:2016cbw,
      author         = "von der Pahlen, Federico and Palacio, Guillermo and
                        Restrepo, Diego and Zapata, Oscar",
      title          = "{Radiative Type III Seesaw Model and its collider
                        phenomenology}",
      journal        = "Phys. Rev.",
      volume         = "D94",
      year           = "2016",
      number         = "3",
      pages          = "033005",
      doi            = "10.1103/PhysRevD.94.033005",
      eprint         = "1605.01129",
      archivePrefix  = "arXiv",
      primaryClass   = "hep-ph",
      SLACcitation   = "%%CITATION = ARXIV:1605.01129;%%"
}
@article{Bernal:2015bla,
      author         = "Bernal, Nicolas and Garcia-Cely, Camilo and Rosenfeld,
                        Rogerio",
      title          = "{WIMP and SIMP Dark Matter from the Spontaneous Breaking
                        of a Global Group}",
      journal        = "JCAP",
      volume         = "1504",
      year           = "2015",
      number         = "04",
      pages          = "012",
      doi            = "10.1088/1475-7516/2015/04/012",
      eprint         = "1501.01973",
      archivePrefix  = "arXiv",
      primaryClass   = "hep-ph",
      SLACcitation   = "%%CITATION = ARXIV:1501.01973;%%"
}

@article{Bernal:2015lbl,
      author         = "Bernal, Nicol√°s and Garcia-Cely, Camilo and Rosenfeld,
                        Rogerio",
      title          = "{$\mathbb Z_3$ WIMP and SIMP Dark Matter from a Global
                        U(1) Breaking}",
      booktitle      = "{Proceedings, 10th Latin American Symposium on High
                        Energy Physics (SILAFAE 2014)}",
      journal        = "Nucl. Part. Phys. Proc.",
      volume         = "267-269",
      year           = "2015",
      pages          = "353-355",
      doi            = "10.1016/j.nuclphysbps.2015.11.001",
      SLACcitation   = "%%CITATION = INSPIRE-1415056;%%"
}
